/home/egaebel/grad-docs/research/papers/papers-db.bib